@Misc{scipy,
  author =    {Eric Jones and Travis Oliphant and Pearu Peterson and others},
  title =     {{SciPy}: Open source scientific tools for {Python}},
  year =      {2001--},
  howpublished = "http://www.scipy.org/",
  note = {[Online; accessed <today>]}
}

@article{Tange2011a,
  added-at = {2016-01-18T15:13:04.000+0100},
  address = {Frederiksberg, Denmark},
  author = {Tange, O.},
  biburl = {https://www.bibsonomy.org/bibtex/2ab8ea12a0dffc7a4f4d5e972c8fb4ad8/fezett},
  doi = {10.5281/zenodo.16303},
  interhash = {b829bb54862d2644509ad3d5fa2a2e09},
  intrahash = {ab8ea12a0dffc7a4f4d5e972c8fb4ad8},
  journal = {;login: The USENIX Magazine},
  keywords = {imported},
  month = Feb,
  number = 1,
  pages = {42-47},
  timestamp = {2016-01-18T15:15:28.000+0100},
  title = {GNU Parallel - The Command-Line Power Tool},
  url = {http://www.gnu.org/s/parallel},
  volume = 36,
  year = 2011
}
