@article{devantier1993,
  title={Review of GIS applications in hydrologic modeling},
  author={DeVantier, Bruce A and Feldman, Arlen D},
  journal={Journal of Water Resources Planning and Management},
  volume={119},
  number={2},
  pages={246--261},
  year={1993},
  publisher={American Society of Civil Engineers}
}

@article{molnar2000,
  title={Grid-size effects on surface runoff modeling},
  author={Molnar, DK and Julien, PY},
  journal={Journal of Hydrologic Engineering},
  volume={5},
  number={1},
  pages={8--16},
  year={2000},
  publisher={American Society of Civil Engineers}
}

@article{sui1999,
  title={Integrating GIS with hydrological modeling: practices, problems, and prospects},
  author={Sui, DZ and Maggio, RC},
  journal={Computers, environment and urban systems},
  volume={23},
  number={1},
  pages={33--51},
  year={1999},
  publisher={Elsevier}
}

@article{zhang1989,
  title={Modeling of two-dimensional overland flow},
  author={Zhang, Weihua and Cundy, Terrance W},
  journal={Water Resources Research},
  volume={25},
  number={9},
  pages={2019--2035},
  year={1989},
  publisher={Wiley Online Library}
}

@article{esteves2000,
  title={Overland flow and infiltration modelling for small plots during unsteady rain: numerical results versus observed values},
  author={Esteves, Michel and Faucher, Xavier and Galle, Sylvie and Vauclin, Michel},
  journal={Journal of hydrology},
  volume={228},
  number={3-4},
  pages={265--282},
  year={2000},
  publisher={Elsevier}
}


@article{beven1979physically,
  title={A physically based, variable contributing area model of basin hydrology/Un mod{\`e}le {\`a} base physique de zone d'appel variable de l'hydrologie du bassin versant},
  author={BEVEN, Keith J and Kirkby, Michael J},
  journal={Hydrological Sciences Journal},
  volume={24},
  number={1},
  pages={43--69},
  year={1979},
  publisher={Taylor \& Francis}
}


@article {hjerdt2004,
	author = {Hjerdt, K. N. and McDonnell, J. J. and Seibert, J. and Rodhe, A.},
	title = {A new topographic index to quantify downslope controls on local drainage},
	journal = {Water Resources Research},
	volume = {40},
	number = {5},
	issn = {1944-7973},
	url = {http://dx.doi.org/10.1029/2004WR003130},
	doi = {10.1029/2004WR003130},
	pages = {n/a--n/a},
	keywords = {Hydrology: Geomorphology, Hydrology: Soil moisture, Hydrology: Runoff and streamflow, Hydrology: Wetlands, topographic index, drainage efficiency, hydraulic gradient, terrain analysis},
	year = {2004},
	note = {W05602},
}

@article{hopp2009,
  title = "Connectivity at the hillslope scale: Identifying interactions between storm size, bedrock permeability, slope angle and soil depth ",
  journal = "Journal of Hydrology ",
  volume = "376",
  number = "3-4",
  pages = "378-391",
  year = "2009",
  author = "L. Hopp and J.J. McDonnell"
}

@article{borselli2008prolegomena,
  title={Prolegomena to sediment and flow connectivity in the landscape: a GIS and field numerical assessment},
  author={Borselli, Lorenzo and Cassi, Paola and Torri, Dino},
  journal={Catena},
  volume={75},
  number={3},
  pages={268--277},
  year={2008},
  publisher={Elsevier}
}
